<?xml version="1.0" encoding="UTF-8"?>
<collection xmlns:xsi="http://www.w3.org/2001/XMLSchema-instance" xsi:schemaLocation="http://www.loc.gov/MARC21/slim http://www.loc.gov/standards/marcxml/schema/MARC21slim.xsd" xmlns="http://www.loc.gov/MARC21/slim">
<record>
  <leader>00888cam a2200217Ma 4500</leader>
  <controlfield tag="001">2678124</controlfield>
  <controlfield tag="003">NNC</controlfield>
  <controlfield tag="005">20121018042241.0</controlfield>
  <controlfield tag="008">970916s1948    ua acf        000 0 ara d</controlfield>
  <datafield tag="035" ind1=" " ind2=" ">
    <subfield code="a">(OCoLC)ocm43655455</subfield>
  </datafield>
  <datafield tag="035" ind1=" " ind2=" ">
    <subfield code="9">ARC6883CU</subfield>
  </datafield>
  <datafield tag="035" ind1=" " ind2=" ">
    <subfield code="a">(NNC)2678124</subfield>
  </datafield>
  <datafield tag="040" ind1=" " ind2=" ">
    <subfield code="a">EQO</subfield>
    <subfield code="c">EQO</subfield>
    <subfield code="d">ZCU</subfield>
  </datafield>
  <datafield tag="099" ind1=" " ind2=" ">
    <subfield code="a">956</subfield>
    <subfield code="a">L474</subfield>
  </datafield>
  <datafield tag="111" ind1="2" ind2=" ">
    <subfield code="a">Muʼtamar al-Thaqāfī al-ʻArabī</subfield>
    <subfield code="n">(1st :</subfield>
    <subfield code="d">1947 :</subfield>
    <subfield code="c">Beit Miri, Lebanon)</subfield>
  </datafield>
  <datafield tag="245" ind1="1" ind2="3">
    <subfield code="a">al-Muʾtamar al-Thaqāfī al-ʻArabī :</subfield>
    <subfield code="b">al-munʻaqad taḥta riʻāyat fakhāmat Raʾīs al-Jumhūrīyah al-Lubnānīyah fī Bayt Mirī bi-Lubnān min 2 ilá 11 Aylūl 1947 /</subfield>
    <subfield code="c">Jāmiʻat al-Duwal al-ʻArabīyah.</subfield>
  </datafield>
  <datafield tag="260" ind1=" " ind2=" ">
    <subfield code="a">al-Qāhirah :</subfield>
    <subfield code="b">Maṭbaʻat Lajnat al-Taʾlīf,</subfield>
    <subfield code="c">1948.</subfield>
  </datafield>
  <datafield tag="300" ind1=" " ind2=" ">
    <subfield code="a">192 p., [14] p. of plates :</subfield>
    <subfield code="b">ill., port. ;</subfield>
    <subfield code="c">25 cm.</subfield>
  </datafield>
  <datafield tag="650" ind1=" " ind2="0">
    <subfield code="a">Education</subfield>
    <subfield code="z">Arab countries</subfield>
    <subfield code="v">Congresses.</subfield>
  </datafield>
  <datafield tag="710" ind1="2" ind2=" ">
    <subfield code="a">League of Arab States.</subfield>
  </datafield>
  <datafield tag="955" ind1=" " ind2=" ">
    <subfield code="b">0026813149</subfield>
    <subfield code="d">glx</subfield>
    <subfield code="e">956 L474</subfield>
  </datafield>
</record>
</collection>